<record><leader>00000cas a2200000 a 4500</leader><controlfield tag="001">33284794</controlfield><controlfield tag="008">951012d19081933fluwr ne      0   a0eng c</controlfield><datafield ind1=" " ind2=" " tag="010"><subfield code="a">sn 95047179 </subfield></datafield><datafield ind1=" " ind2=" " tag="040"><subfield code="a">FUG</subfield><subfield code="b">eng</subfield><subfield code="c">FUG</subfield><subfield code="d">OCLCQ</subfield><subfield code="d">UPM</subfield><subfield code="d">FUG</subfield><subfield code="d">OCLCQ</subfield><subfield code="d">OCLCF</subfield><subfield code="d">OCLCO</subfield><subfield code="d">DLC</subfield></datafield><datafield ind1=" " ind2=" " tag="012"><subfield code="i">9510</subfield></datafield><datafield ind1="0" ind2=" " tag="022"><subfield code="a">2471-772X</subfield><subfield code="2">1</subfield></datafield><datafield ind1=" " ind2=" " tag="042"><subfield code="a">pcc</subfield><subfield code="a">nsdp</subfield></datafield><datafield ind1=" " ind2=" " tag="043"><subfield code="a">n-us-fl</subfield></datafield><datafield ind1="0" ind2="0" tag="050"><subfield code="a">Newspaper</subfield></datafield><datafield ind1="1" ind2="0" tag="082"><subfield code="a">071</subfield><subfield code="2">23</subfield></datafield><datafield ind1=" " ind2="4" tag="222"><subfield code="a">The enterprise-recorder</subfield><subfield code="b">(Print)</subfield></datafield><datafield ind1="0" ind2="4" tag="245"><subfield code="a">The enterprise-recorder.</subfield></datafield><datafield ind1=" " ind2=" " tag="260"><subfield code="a">Madison, Fla. :</subfield><subfield code="b">[s.n.],</subfield><subfield code="c">1908-1933.</subfield></datafield><datafield ind1=" " ind2=" " tag="300"><subfield code="a">25 v.</subfield></datafield><datafield ind1=" " ind2=" " tag="310"><subfield code="a">Weekly</subfield></datafield><datafield ind1="0" ind2=" " tag="362"><subfield code="a">Vol. 7, no. 43 (June 25, 1908)-v. 32, no. 42 (June 16, 1933).</subfield></datafield><datafield ind1=" " ind2=" " tag="500"><subfield code="a">Columbus B. Smith, editor.</subfield></datafield><datafield ind1="1" ind2=" " tag="520"><subfield code="a">The weekly Madison (FL) Enterprise-Recorder [LCCN: sn95047179] was formed in 1908 through the merger of the Madison (FL) Recorder [LCCN: sn84022777] and the New Enterprise [LCCN: sn95047178], also published in Madison (FL). Columbus B. Smith, the editor of the New Enterprise, remained as the editor of the new newspaper. The New Enterprise had billed itself as the "Official Organ of the [Madison County (FL)] Board of County Commissioners," and the Enterprise-Recorder, to some extent, maintained this purpose. By 1933, the merged newspaper was known as the Madison Enterprise-Recorder ([LCCN: sn95047180], which continues as a weekly through the present (ca. 2008), published by Emerald Kinsley of Greene Publishing, Inc. Columbus B. Smith was a Georgia native, born in 1843. Very little else is known about him at present (ca. 2008). The small city of Madison is located in North Florida, on the Florida/Georgia state line. It was founded on May 2, 1838 on land secured from Madison C. Livingston. Located about fifty miles east of Florida's capital city, Tallahassee, Madison was a political and agricultural center during Florida's early history and remains an agricultural area today. Madison County, established in 1827, was named for James Madison, fourth President of the United States of America. From the 1880s onward, the city of Madison was connected to Tallahassee and markets in other cities in Florida, Alabama and Georgia. But, in 1906, the Augusta Southern Railway connected Augusta, Georgia to Madison, Florida for the purpose of enhancing commerce along a north/south line throughout Georgia. The new line opened new markets to the city and county. Between 1908 and 1933, it was not particularly eventful for Madison, city or county. In 1912, the first movie theater opened. The county was electrified, but electrical service was supplied only at night until 1913, when it would also become available during the day. And, in 1924, the county first began paving its roads.--E. Kesse, University of Florida Digital Library Center.</subfield></datafield><datafield ind1=" " ind2=" " tag="530"><subfield code="a">Archived issues are available in digital format from the Library of Congress Chronicling America online collection.</subfield></datafield><datafield ind1=" " ind2="0" tag="651"><subfield code="a">Madison (Fla.)</subfield><subfield code="v">Newspapers.</subfield></datafield><datafield ind1=" " ind2="0" tag="651"><subfield code="a">Madison County (Fla.)</subfield><subfield code="v">Newspapers.</subfield></datafield><datafield ind1=" " ind2="7" tag="651"><subfield code="a">Florida</subfield><subfield code="z">Madison.</subfield><subfield code="2">fast</subfield><subfield code="0">(OCoLC)fst01215377</subfield></datafield><datafield ind1=" " ind2="7" tag="651"><subfield code="a">Florida</subfield><subfield code="z">Madison County.</subfield><subfield code="2">fast</subfield><subfield code="0">(OCoLC)fst01215098</subfield></datafield><datafield ind1=" " ind2="7" tag="655"><subfield code="a">Newspapers.</subfield><subfield code="2">fast</subfield><subfield code="0">(OCoLC)fst01423814</subfield></datafield><datafield ind1=" " ind2=" " tag="752"><subfield code="a">United States</subfield><subfield code="b">Florida</subfield><subfield code="c">Madison</subfield><subfield code="d">Madison.</subfield></datafield><datafield ind1="0" ind2="8" tag="776"><subfield code="i">Online version:</subfield><subfield code="t">Enterprise-recorder</subfield><subfield code="x">2471-7738</subfield><subfield code="w">(DLC)  2007264069</subfield><subfield code="w">(OCoLC)182845887</subfield></datafield><datafield ind1="0" ind2="4" tag="780"><subfield code="t">New enterprise (Madison, Fla.)</subfield><subfield code="w">(DLC)sn 95047178</subfield><subfield code="w">(OCoLC)33284792</subfield></datafield><datafield ind1="0" ind2="4" tag="780"><subfield code="t">Madison recorder (Madison, Fla.)</subfield><subfield code="w">(DLC)sn 84022777</subfield><subfield code="w">(OCoLC)10593792</subfield></datafield><datafield ind1="0" ind2="0" tag="785"><subfield code="t">Madison enterprise-recorder</subfield><subfield code="w">(DLC)sn 95047180</subfield><subfield code="w">(OCoLC)33284795</subfield></datafield><datafield ind1=" " ind2=" " tag="850"><subfield code="a">FU</subfield></datafield><datafield ind1="4" ind2="1" tag="856"><subfield code="u">http://www.loc.gov/chroniclingamerica/lccn/sn95047179/issues</subfield></datafield><datafield ind1="1" ind2=" " tag="029"><subfield code="a">AU@</subfield><subfield code="b">000025885641</subfield></datafield></record>